<?xml version="1.0" encoding="UTF-8"?><collection xmlns="http://www.loc.gov/MARC21/slim"><record><leader>00344nam--2200133-i-4500</leader><controlfield tag="001">000031010</controlfield><controlfield tag="002">20161230</controlfield><controlfield tag="005">20161230201038</controlfield><controlfield tag="008">060222s1000------------r-----000-0-eng-d</controlfield><datafield ind1=" " ind2=" " tag="080"><subfield code="a">547</subfield></datafield><datafield ind1=" " ind2=" " tag="100"><subfield code="a">Lloyd, Douglas</subfield></datafield><datafield ind1=" " ind2=" " tag="245"><subfield code="a">Carbocyclic non-benzenoid aromatic compounds</subfield></datafield><datafield ind1=" " ind2=" " tag="260"><subfield code="a">Amsterdam, Elsevier Publ.Comp., 1966. X+220p</subfield></datafield><datafield ind1=" " ind2=" " tag="852"><subfield code="a">24019</subfield></datafield></record></collection>